@article{schneider2017open,
  title={Open-source nuclear equation of state framework based on the liquid-drop model with Skyrme interaction},
  author={Schneider, Andre da Silva and Roberts, Luke F and Ott, Christian D},
  journal={Physical Review C},
  volume={96},
  number={6},
  pages={065802},
  year={2017},
  publisher={APS}
}

@article{palenzuela2015effects,
  title={Effects of the microphysical equation of state in the mergers of magnetized neutron stars with neutrino cooling},
  author={Palenzuela, Carlos and Liebling, Steven L and Neilsen, David and Lehner, Luis and Caballero, OL and O’Connor, Evan and Anderson, Matthew},
  journal={Physical Review D},
  volume={92},
  number={4},
  pages={044045},
  year={2015},
  publisher={APS}
}

@ARTICLE{2012PhRvD..86b4026O,
       author = {{Ott}, C.~D. and {Abdikamalov}, E. and {O'Connor}, E. and {Reisswig}, C. and {Haas}, R. and {Kalmus}, P. and {Drasco}, S. and {Burrows}, A. and {Schnetter}, E.},
        title = "{Correlated gravitational wave and neutrino signals from general-relativistic rapidly rotating iron core collapse}",
      journal = {\prd},
     keywords = {04.25.D-, 04.30.Db, 04.30.Tv, 97.60.Bw, Numerical relativity, Wave generation and sources, Gravitational-wave astrophysics, Supernovae, Astrophysics - High Energy Astrophysical Phenomena, General Relativity and Quantum Cosmology},
         year = 2012,
        month = jul,
       volume = {86},
       number = {2},
          eid = {024026},
        pages = {024026},
          doi = {10.1103/PhysRevD.86.024026},
archivePrefix = {arXiv},
       eprint = {1204.0512},
 primaryClass = {astro-ph.HE},
       adsurl = {https://ui.adsabs.harvard.edu/abs/2012PhRvD..86b4026O},
      adsnote = {Provided by the SAO/NASA Astrophysics Data System}
}

@ARTICLE{2013ApJ...768..115O,
       author = {{Ott}, Christian D. and {Abdikamalov}, Ernazar and {M{\"o}sta}, Philipp and {Haas}, Roland and {Drasco}, Steve and {O'Connor}, Evan P. and {Reisswig}, Christian and {Meakin}, Casey A. and {Schnetter}, Erik},
        title = "{General-relativistic Simulations of Three-dimensional Core-collapse Supernovae}",
      journal = {\apj},
     keywords = {gravitation, gravitational waves, hydrodynamics, neutrinos, supernovae: general, Astrophysics - High Energy Astrophysical Phenomena, General Relativity and Quantum Cosmology},
         year = 2013,
        month = may,
       volume = {768},
       number = {2},
          eid = {115},
        pages = {115},
          doi = {10.1088/0004-637X/768/2/115},
archivePrefix = {arXiv},
       eprint = {1210.6674},
 primaryClass = {astro-ph.HE},
       adsurl = {https://ui.adsabs.harvard.edu/abs/2013ApJ...768..115O},
      adsnote = {Provided by the SAO/NASA Astrophysics Data System}
}

@article{etienne2015illinoisgrmhd,
  title={IllinoisGRMHD: an open-source, user-friendly GRMHD code for dynamical spacetimes},
  author={Etienne, Zachariah B and Paschalidis, Vasileios and Haas, Roland and M{\"o}sta, Philipp and Shapiro, Stuart L},
  journal={Classical and Quantum Gravity},
  volume={32},
  number={17},
  pages={175009},
  year={2015},
  publisher={IOP Publishing}
}

@article{noble2006primitive,
  title={Primitive variable solvers for conservative general relativistic magnetohydrodynamics},
  author={Noble, Scott C and Gammie, Charles F and McKinney, Jonathan C and Del Zanna, Luca},
  journal={The Astrophysical Journal},
  volume={641},
  number={1},
  pages={626},
  year={2006},
  publisher={IOP Publishing}
}

@article{siegel2018recovery,
  title={Recovery schemes for primitive variables in general-relativistic magnetohydrodynamics},
  author={Siegel, Daniel M and M{\"o}sta, Philipp and Desai, Dhruv and Wu, Samantha},
  journal={The Astrophysical Journal},
  volume={859},
  number={1},
  pages={71},
  year={2018},
  publisher={IOP Publishing}
}

@article{neilsen2014magnetized,
  title={Magnetized neutron stars with realistic equations of state and neutrino cooling},
  author={Neilsen, David and Liebling, Steven L and Anderson, Matthew and Lehner, Luis and O’Connor, Evan and Palenzuela, Carlos},
  journal={Physical Review D},
  volume={89},
  number={10},
  pages={104029},
  year={2014},
  publisher={APS}
}

@article{giacomazzo2007whiskymhd,
  title={WhiskyMHD: a new numerical code for general relativistic magnetohydrodynamics},
  author={Giacomazzo, Bruno and Rezzolla, Luciano},
  journal={Classical and Quantum Gravity},
  volume={24},
  number={12},
  pages={S235},
  year={2007},
  publisher={IOP Publishing}
}

@article{cerda2008new,
  title={A new general relativistic magnetohydrodynamics code for dynamical spacetimes},
  author={Cerd{\'a}-Dur{\'a}n, Pablo and Font, Jos{\'e} A and Ant{\'o}n, Luis and M{\"u}ller, Ewald},
  journal={Astronomy \& Astrophysics},
  volume={492},
  number={3},
  pages={937--953},
  year={2008},
  publisher={EDP Sciences}
}

@article{anton2006numerical,
  title={Numerical 3+ 1 general relativistic magnetohydrodynamics: a local characteristic approach},
  author={Ant{\'o}n, Luis and Zanotti, Olindo and Miralles, Juan A and Mart{\'\i}, Jos{\'e} M and Ib{\'a}{\~n}ez, Jos{\'e} M and Font, Jos{\'e} A and Pons, Jos{\'e} A},
  journal={The Astrophysical Journal},
  volume={637},
  number={1},
  pages={296},
  year={2006},
  publisher={IOP Publishing}
}

@article{newman2014primitive,
  title={Primitive variable determination in conservative relativistic magnetohydrodynamic simulations},
  author={Newman, William I and Hamlin, Nathaniel D},
  journal={SIAM Journal on Scientific Computing},
  volume={36},
  number={4},
  pages={B661--B683},
  year={2014},
  publisher={SIAM}
}

@article{kastaun2021robust,
  title={Robust recovery of primitive variables in relativistic ideal magnetohydrodynamics},
  author={Kastaun, Wolfgang and Kalinani, Jay Vijay and Ciolfi, Riccardo},
  journal={Physical Review D},
  volume={103},
  number={2},
  pages={023018},
  year={2021},
  publisher={APS}
}